<?xml version="1.0" encoding="UTF-8"?><collection><record><leader>06234ntm a2200541 a 4500</leader><controlfield tag="001">006805278</controlfield><controlfield tag="003">MiAaHDL</controlfield><controlfield tag="005">20190719000000.0</controlfield><controlfield tag="006">m        d        </controlfield><controlfield tag="007">cr bn ---auaua</controlfield><controlfield tag="008">090530s16uu    xx            00| ||ara d</controlfield><datafield tag="035" ind1=" " ind2=" "><subfield code="a">(MiU)006805278</subfield></datafield><datafield tag="035" ind1=" " ind2=" "><subfield code="a">sdr-miu006805278</subfield></datafield><datafield tag="040" ind1=" " ind2=" "><subfield code="a">MiU</subfield><subfield code="c">MiU</subfield><subfield code="e">amremm</subfield></datafield><datafield tag="043" ind1=" " ind2=" "><subfield code="a">n-us-mi</subfield><subfield code="a">f-et---</subfield></datafield><datafield tag="100" ind1="1" ind2=" "><subfield code="6">880-01</subfield><subfield code="a">Bukhārī, Muḥammad ibn ʻAbd al-Bāqī,</subfield><subfield code="d">active 1583.</subfield></datafield><datafield tag="240" ind1="1" ind2="0"><subfield code="6">880-02</subfield><subfield code="a">Ṭirāz al-manqūsh fī maḥāsin al-Ḥubūsh</subfield></datafield><datafield tag="245" ind1="1" ind2="0"><subfield code="6">880-03</subfield><subfield code="a">Muqaddimat al-Ṭirāz al-manqūsh fī maḥāsin al-Ḥubūsh,</subfield><subfield code="f">[17th century?].</subfield></datafield><datafield tag="260" ind1=" " ind2=" "><subfield code="c">[16--?].</subfield></datafield><datafield tag="300" ind1=" " ind2=" "><subfield code="a">65 leaves :</subfield><subfield code="b">paper ;</subfield><subfield code="c">195 x 143 (151 x 67) mm.</subfield></datafield><datafield tag="500" ind1=" " ind2=" "><subfield code="a">Shelfmark: Ann Arbor, University of Michigan, Special Collections Library, Isl. Ms. 592</subfield></datafield><datafield tag="500" ind1=" " ind2=" "><subfield code="a">Origin: Lacks dated colophon ; paper, hand, etc. suggest 17th century. Ownership statement on 'title page' suggest rough terminus ante quem of 1723.</subfield></datafield><datafield tag="500" ind1=" " ind2=" "><subfield code="a">Former shelfmark: From interior of upper cover and label on lower cover, "IL 239a" (likely supplied by Yahuda).</subfield></datafield><datafield tag="500" ind1=" " ind2=" "><subfield code="a">Binding: Pasteboards covered in shell marbled paper (mainly in shades of brown and blue with pink and yellow accents) with brown leather over spine, fore edge flap, and edges/turn-ins (framed binding) ; Type II binding (with flap) ; board linings in untinted laid paper ; sewn in pink thread, four stations ; worked endbands in pink and beige, only traces remain ; overall in somewhat poor condition with much abrasion, staining, some lifting and losses of paper and leather, etc.</subfield></datafield><datafield tag="500" ind1=" " ind2=" "><subfield code="a">Support: European laid paper with 7-8 laid lines per cm. (vertical), chain lines spaced 27 mm. apart, and anchor in circle watermark (see pp.52-53) ; sturdy, not especially thick, well-burnished to glossy ; staining and some pest damage.</subfield></datafield><datafield tag="500" ind1=" " ind2=" "><subfield code="a">Decoration: Keywords rubricated ; textual dividers in the form of red discs and inverted commas.</subfield></datafield><datafield tag="500" ind1=" " ind2=" "><subfield code="a">Script: Naskh ; elegant Turkish or 'Syrian' hand with slight effect of tilt to the left, thickness and elongation of horizontal strokes, pointing in distinct dots, mainly curvilinear descenders (though some more rectilinear, i.e. rāʼ), rightward descenders tapered, kāf mashqūqah preferred (even final kāf).</subfield></datafield><datafield tag="500" ind1=" " ind2=" "><subfield code="a">Layout: Written in 19 lines per page, occasionally divided to two columns to set off verses ; frame-ruled.</subfield></datafield><datafield tag="500" ind1=" " ind2=" "><subfield code="a">Collation: i, 6 V(60), III-1 (65), i ; almost exclusively quinions ; catchwords present ; pagination in pencil, Western numerals, supplied during digitization (includes flyleaves).</subfield></datafield><datafield tag="500" ind1=" " ind2=" "><subfield code="a">Explicit: "وقال بعضهم وبي ذا الرشا الحبشي المي سبي عقلي وكلمني طلامه [؟] ويتم مهجتي لكن بشرط وكان الشرط اخره سلامه تم الكتاب بعون الملك الوهاب والحمد لله وحده"</subfield></datafield><datafield tag="500" ind1=" " ind2=" "><subfield code="a">Incipit: "الحمد لله الذي خلق الانسان صلصال من حماء مسنون وفضل بعضه عن بعض فهم بذلك يتقاوتون ... وبعد فيقول العبد الفير الى الله الصمد علاء الدين محمد بن عبد الباقي البخاري القاضي خاني المكي خطيب المدينة المنورة سابقا ... نسخ لي في هذه الايام الشريفة ... اعي عام احد وتسعين وتسعمائة من الهجرة النبوية ان الف رسالة يستدل بها على فضل الحبوش ... فكنت التقط الفرائد من مناقبهم واجمع الفوائد من محاسنهم مما جاء في ذلك الاحاديث الشريفة والآيات والفوائض اللطيفة والابيات الى ان طفرت برسالتي الشيخ ... جلال الدين السيوطي ... واستغنيت بهما عن سائر الكتب والعدد وانتخبت من احاديثهما ما لا بد منه في المطلوب واضفته الي ما قد كان عندي من مكتوب فصارت بفضل الله تعالى من احسن الرسائل وانفع الوسائل وسميتها بالطراز المنقوش في محاسن الحبوش ..."</subfield></datafield><datafield tag="500" ind1=" " ind2=" "><subfield code="a">Title from 'title page' (p.3) and opening matter (preface) on p.6.</subfield></datafield><datafield tag="500" ind1=" " ind2=" "><subfield code="a">Ms. codex.</subfield></datafield><datafield tag="510" ind1="4" ind2=" "><subfield code="a">University of Michigan Library. Manuscripts &amp; papyri : an exhibition arranged for the XXVII International Congress of Orientalists, Ann Arbor, Michigan, August 13-19, 1967. (Ann Arbor, MI [?], 1967),</subfield><subfield code="c">no.75, p.20</subfield></datafield><datafield tag="510" ind1="4" ind2=" "><subfield code="a">Ḥājjī Khalīfah. Kashf al-ẓunūn,</subfield><subfield code="c">iv 156</subfield></datafield><datafield tag="510" ind1="4" ind2=" "><subfield code="a">Brockelmann, C. GAL,</subfield><subfield code="c">II 385 ; S II 519</subfield></datafield><datafield tag="520" ind1="8" ind2=" "><subfield code="a">Fine copy of the treatise in prose and verse on the eminence of the Ethiopians (Abyssinians, Ḥubūsh).</subfield></datafield><datafield tag="538" ind1=" " ind2=" "><subfield code="a">Mode of access: Internet.</subfield></datafield><datafield tag="541" ind1=" " ind2=" "><subfield code="a">Acquired in 1926 from the bookseller Isaac Benjamin S.E. Yahuda via purchase transacted on his behalf by his younger brother, the famous Orientalist and manuscript collector Abraham Shalom Yahuda (1877-1951).</subfield></datafield><datafield tag="546" ind1=" " ind2=" "><subfield code="a">Arabic.</subfield></datafield><datafield tag="561" ind1=" " ind2=" "><subfield code="a">Virtually effaced ownership statement on 'title page' (p.3) dated 1126 [1714] or 1136 [1723 or 4] ; another ownership statement on 'title page' (p.3) in name of Aḥmad Rāshid al-Maʻarrī [?] ( احمد راشد المعري ) ; occasional marginal corrections ; following close of text on p.132 (originally left blank), instructions under the heading "باب محبة وقبول عجيب" for inflaming love in another person's heart and bringing love between two people using an egg which should be washed, inscribed with a charm (magical formula), wrapped in a rag, and buried.</subfield></datafield><datafield tag="650" ind1=" " ind2="0"><subfield code="a">Manuscripts, Arabic</subfield><subfield code="z">Michigan</subfield><subfield code="z">Ann Arbor.</subfield></datafield><datafield tag="650" ind1=" " ind2="0"><subfield code="a">National characteristics, Ethiopian</subfield><subfield code="v">Early works to 1800.</subfield></datafield><datafield tag="650" ind1=" " ind2="0"><subfield code="a">Ethiopians</subfield><subfield code="v">Early works to 1800.</subfield></datafield><datafield tag="773" ind1="0" ind2=" "><subfield code="a">Yahuda Collection.</subfield></datafield><datafield tag="880" ind1="1" ind2="0"><subfield code="6">245-03/</subfield><subfield code="a">مقدمة الطراز المنقوش في محاسن الحبوش,</subfield><subfield code="f">[القرن 17م؟].</subfield></datafield><datafield tag="880" ind1="1" ind2="0"><subfield code="6">240-02/</subfield><subfield code="a">طراز المنقوش في محاسن الحبوش</subfield></datafield><datafield tag="880" ind1="1" ind2=" "><subfield code="6">100-01/</subfield><subfield code="a">بخاري، محمد بن عبد الباقي.</subfield></datafield><datafield tag="CID" ind1=" " ind2=" "><subfield code="a">006805278</subfield></datafield><datafield tag="DAT" ind1="0" ind2=" "><subfield code="a">20190719102637.0</subfield><subfield code="b">20190719000000.0</subfield></datafield><datafield tag="DAT" ind1="1" ind2=" "><subfield code="a">20190719090653.0</subfield><subfield code="b">2019-07-19T16:11:39Z</subfield></datafield><datafield tag="DAT" ind1="2" ind2=" "><subfield code="a">2015-10-02T18:00:03Z</subfield></datafield><datafield tag="CAT" ind1=" " ind2=" "><subfield code="a">SDR-MIU</subfield><subfield code="d">EX LIBRIS - ALEPH</subfield><subfield code="l">prepare.pl-004-008</subfield></datafield><datafield tag="FMT" ind1=" " ind2=" "><subfield code="a">BK</subfield></datafield><datafield tag="HOL" ind1=" " ind2=" "><subfield code="0">sdr-miu006805278</subfield><subfield code="a">MiU</subfield><subfield code="b">SDR</subfield><subfield code="c">MIU</subfield><subfield code="p">mdp.39015079127190</subfield><subfield code="s">MIU</subfield><subfield code="1">006805278</subfield></datafield><datafield tag="974" ind1=" " ind2=" "><subfield code="b">MIU</subfield><subfield code="c">MIU</subfield><subfield code="d">20190719</subfield><subfield code="s">lit-dlps-dc</subfield><subfield code="u">mdp.39015079127190</subfield><subfield code="y">1699</subfield><subfield code="r">pd</subfield><subfield code="q">bib</subfield><subfield code="t">non-US bib date1 &lt; 1896</subfield></datafield></record></collection>